<?xml version="1.0" encoding="UTF-8"?><record xmlns="http://www.loc.gov/MARC21/slim" xmlns:cinclude="http://apache.org/cocoon/include/1.0" xmlns:zs="http://www.loc.gov/zing/srw/">
  <leader>00935nz  a2200205n  4500</leader>
  <controlfield tag="001">no2014019314</controlfield>
  <controlfield tag="003">DLC</controlfield>
  <controlfield tag="005">20140213073549.0</controlfield>
  <controlfield tag="008">140212n| azannaabn          |n aaa     c</controlfield>
  <datafield tag="010" ind1=" " ind2=" ">
    <subfield code="a">no2014019314</subfield>
  </datafield>
  <datafield tag="035" ind1=" " ind2=" ">
    <subfield code="a">(OCoLC)oca09681828</subfield>
  </datafield>
  <datafield tag="040" ind1=" " ind2=" ">
    <subfield code="a">FTaSU</subfield>
    <subfield code="b">eng</subfield>
    <subfield code="e">rda</subfield>
    <subfield code="c">FTaSU</subfield>
  </datafield>
  <datafield tag="100" ind1="1" ind2=" ">
    <subfield code="a">Murphy, Shaun Patrick</subfield>
  </datafield>
  <datafield tag="370" ind1=" " ind2=" ">
    <subfield code="c">United States</subfield>
    <subfield code="f">Tallahassee (Fla.)</subfield>
    <subfield code="2">naf</subfield>
  </datafield>
  <datafield tag="372" ind1=" " ind2=" ">
    <subfield code="a">Molecular biology</subfield>
    <subfield code="2">lcsh</subfield>
  </datafield>
  <datafield tag="373" ind1=" " ind2=" ">
    <subfield code="a">Florida State University</subfield>
    <subfield code="2">naf</subfield>
    <subfield code="t">2011</subfield>
  </datafield>
  <datafield tag="375" ind1=" " ind2=" ">
    <subfield code="a">male</subfield>
  </datafield>
  <datafield tag="377" ind1=" " ind2=" ">
    <subfield code="a">eng</subfield>
  </datafield>
  <datafield tag="670" ind1=" " ind2=" ">
    <subfield code="a">Murphy, Shaun Patrick. 3D Molecular Cytological and Genetic Analysis of the Sun-Domain (Sad1-Unc-84) Proteins in Maize (Zea mays, L.) Meiosis; Discovery of a Novel Plant SUN Family, Including SUN3, a Candidate Gene for the Desynaptic (dy) Mutant, 2011:</subfield>
    <subfield code="b">title page (Shaun Murphy)</subfield>
  </datafield>
  <datafield tag="670" ind1=" " ind2=" ">
    <subfield code="a">The Florida State University DigiNole Commons, Electronic Theses,Treatises and Dissertations website, February 12, 2014:</subfield>
    <subfield code="b">(Shaun Patrick Murphy)</subfield>
  </datafield>
</record>